
@article{bovy11,
   author = {{Bovy}, J. and {Hogg}, D.~W. and {Roweis}, S.~T.},
    title = "{Extreme deconvolution: Inferring complete distribution functions from noisy, heterogeneous and incomplete observations}",
  journal = {Annals of Applied Statistics},
archivePrefix = "arXiv",
   eprint = {0905.2979},
 primaryClass = "stat.ME",
 keywords = {Bayesian inference, density estimation, Expectation-maximization, missing data, multivariate estimation, noise },
     year = 2011,
    month = jun,
   volume = 5,
    pages = {1657-1677},
      doi = {10.1214/10-AOAS439},
   adsurl = {http://adsabs.harvard.edu/abs/2011AnApS...5.1657B},
  adsnote = {Provided by the SAO/NASA Astrophysics Data System}
}

@ARTICLE{skrutskie06,
   author = {{Skrutskie}, M.~F. and {Cutri}, R.~M. and {Stiening}, R. and 
	{Weinberg}, M.~D. and {Schneider}, S. and {Carpenter}, J.~M. and 
	{Beichman}, C. and {Capps}, R. and {Chester}, T. and {Elias}, J. and 
	{Huchra}, J. and {Liebert}, J. and {Lonsdale}, C. and {Monet}, D.~G. and 
	{Price}, S. and {Seitzer}, P. and {Jarrett}, T. and {Kirkpatrick}, J.~D. and 
	{Gizis}, J.~E. and {Howard}, E. and {Evans}, T. and {Fowler}, J. and 
	{Fullmer}, L. and {Hurt}, R. and {Light}, R. and {Kopan}, E.~L. and 
	{Marsh}, K.~A. and {McCallon}, H.~L. and {Tam}, R. and {Van Dyk}, S. and 
	{Wheelock}, S.},
    title = "{The Two Micron All Sky Survey (2MASS)}",
  journal = {\aj},
 keywords = {Catalogs, Infrared: General, Surveys},
     year = 2006,
    month = feb,
   volume = 131,
    pages = {1163-1183},
      doi = {10.1086/498708},
   adsurl = {http://adsabs.harvard.edu/abs/2006AJ....131.1163S},
  adsnote = {Provided by the SAO/NASA Astrophysics Data System}
}

@ARTICLE{hogg08,
   author = {{Hogg}, D.~W. and {Myers}, A.~D. and {Bovy}, J.},
    title = "{Inferring the Eccentricity Distribution}",
  journal = {\apj},
archivePrefix = "arXiv",
   eprint = {1008.4146},
 primaryClass = "astro-ph.SR",
 keywords = {binaries: general, methods: data analysis, methods: statistical, planetary systems, planets and satellites: fundamental parameters, stars: kinematics and dynamics},
     year = 2010,
    month = dec,
   volume = 725,
    pages = {2166-2175},
      doi = {10.1088/0004-637X/725/2/2166},
   adsurl = {http://adsabs.harvard.edu/abs/2010ApJ...725.2166H},
  adsnote = {Provided by the SAO/NASA Astrophysics Data System}
}

@ARTICLE{dfm14,
   author = {{Foreman-Mackey}, D. and {Hogg}, D.~W. and {Morton}, T.~D.},
    title = "{Exoplanet Population Inference and the Abundance of Earth Analogs from Noisy, Incomplete Catalogs}",
  journal = {\apj},
archivePrefix = "arXiv",
   eprint = {1406.3020},
 primaryClass = "astro-ph.EP",
 keywords = {catalogs, methods: data analysis, methods: statistical, planetary systems, stars: statistics },
     year = 2014,
    month = nov,
   volume = 795,
      eid = {64},
    pages = {64},
      doi = {10.1088/0004-637X/795/1/64},
   adsurl = {http://adsabs.harvard.edu/abs/2014ApJ...795...64F},
  adsnote = {Provided by the SAO/NASA Astrophysics Data System}
}
